<?xml version="1.0" encoding="UTF-8"?><collection xmlns="http://www.loc.gov/MARC21/slim"><record><leader>00509nam--2200181-u-4500</leader><controlfield tag="001">000051424</controlfield><controlfield tag="002">20161230</controlfield><controlfield tag="005">20161230201049</controlfield><controlfield tag="008">080715s1000------------r-----000-0-eng-d</controlfield><datafield ind1=" " ind2=" " tag="040"><subfield code="a">IFIN-HH</subfield></datafield><datafield ind1="1" ind2="0" tag="100"><subfield code="a">Wright, Georg H. Von</subfield></datafield><datafield ind1="1" ind2=" " tag="245"><subfield code="a">An Essay in Modal Logic</subfield></datafield><datafield ind1=" " ind2=" " tag="260"><subfield code="a">Amsterdam</subfield><subfield code="b">North-Holland publishing Company</subfield><subfield code="c">1951</subfield></datafield><datafield ind1=" " ind2=" " tag="300"><subfield code="a">90 p</subfield></datafield><datafield ind1=" " ind2=" " tag="490"><subfield code="a">Studies in Logic and the Foundations of Mathematics</subfield></datafield><datafield ind1="1" ind2=" " tag="700"><subfield code="a">Georg H. Von Wright</subfield></datafield><datafield ind1=" " ind2=" " tag="852"><subfield code="a">11698</subfield><subfield code="c">517.11</subfield></datafield><datafield ind1=" " ind2=" " tag="CAT"><subfield code="a">Sys</subfield><subfield code="c">20080715</subfield><subfield code="h">113000</subfield></datafield></record></collection>